@inproceedings{dicioccio2013measuring,
  title={Measuring home networks with homenet profiler},
  author={DiCioccio, Lucas and Teixeira, Renata and Rosenberg, Catherine},
  booktitle={International Conference on Passive and Active Network Measurement},
  pages={176--186},
  year={2013},
  organization={Springer}
}

@article{joumblatt2011hostview,
  title={HostView: Annotating end-host performance measurements with user feedback},
  author={Joumblatt, Diana and Teixeira, Renata and Chandrashekar, Jaideep and Taft, Nina},
  journal={ACM SIGMETRICS Performance Evaluation Review},
  volume={38},
  number={3},
  pages={43--48},
  year={2011},
  publisher={ACM}
}

@inproceedings{luckie2016bdrmap,
  title={bdrmap: inference of borders between IP networks},
  author={Luckie, Matthew and Dhamdhere, Amogh and Huffaker, Bradley and Clark, David and others},
  booktitle={Proceedings of the 2016 Internet Measurement Conference},
  pages={381--396},
  year={2016},
  organization={ACM}
}

@article{butkiewicz2014characterizing,
  title={Characterizing web page complexity and its impact},
  author={Butkiewicz, Michael and Madhyastha, Harsha V and Sekar, Vyas},
  journal={IEEE/ACM Transactions on Networking (TON)},
  volume={22},
  number={3},
  pages={943--956},
  year={2014},
  publisher={IEEE Press}
}

@inproceedings{luckie2008traceroute,
  title={Traceroute probe method and forward IP path inference},
  author={Luckie, Matthew and Hyun, Young and Huffaker, Bradley},
  booktitle={Proceedings of the 8th ACM SIGCOMM conference on Internet measurement},
  pages={311--324},
  year={2008},
  organization={ACM}
}

@article{chun2003planetlab,
  title={Planetlab: an overlay testbed for broad-coverage services},
  author={Chun, Brent and Culler, David and Roscoe, Timothy and Bavier, Andy and Peterson, Larry and Wawrzoniak, Mike and Bowman, Mic},
  journal={ACM SIGCOMM Computer Communication Review},
  volume={33},
  number={3},
  pages={3--12},
  year={2003},
  publisher={ACM}
}

@inproceedings{raychaudhuri2005overview,
  title={Overview of the ORBIT radio grid testbed for evaluation of next-generation wireless network protocols},
  author={Raychaudhuri, Dipankar and Seskar, Ivan and Ott, Max and Ganu, Sachin and Ramachandran, Kishore and Kremo, Haris and Siracusa, Robert and Liu, Hang and Singh, Manpreet},
  booktitle={Wireless Communications and Networking Conference, 2005 IEEE},
  volume={3},
  pages={1664--1669},
  year={2005},
  organization={IEEE}
}

@inproceedings{labovitz2010internet,
  title={Internet inter-domain traffic},
  author={Labovitz, Craig and Iekel-Johnson, Scott and McPherson, Danny and Oberheide, Jon and Jahanian, Farnam},
  booktitle={ACM SIGCOMM Computer Communication Review},
  volume={40},
  number={4},
  pages={75--86},
  year={2010},
  organization={ACM}
}

@article{huang2008practical,
  title={Practical issues with using network tomography for fault diagnosis},
  author={Huang, Yiyi and Feamster, Nick and Teixeira, Renata},
  journal={ACM SIGCOMM Computer Communication Review},
  volume={38},
  number={5},
  pages={53--58},
  year={2008},
  publisher={ACM}
}

@inproceedings{cunha2009measurement,
  title={Measurement methods for fast and accurate blackhole identification with binary tomography},
  author={Cunha, {\'I}talo and Teixeira, Renata and Feamster, Nick and Diot, Christophe},
  booktitle={Proceedings of the 9th ACM SIGCOMM conference on Internet measurement},
  pages={254--266},
  year={2009},
  organization={ACM}
}

@inproceedings{sundaresan2011broadband,
  title={Broadband internet performance: a view from the gateway},
  author={Sundaresan, Srikanth and De Donato, Walter and Feamster, Nick and Teixeira, Renata and Crawford, Sam and Pescap{\`e}, Antonio},
  booktitle={ACM SIGCOMM computer communication review},
  volume={41},
  number={4},
  pages={134--145},
  year={2011},
  organization={ACM}
}

@article{sundaresan2012measuring,
  title={Measuring home broadband performance},
  author={Sundaresan, Srikanth and De Donato, Walter and Feamster, Nick and Teixeira, Renata and Crawford, Sam and Pescap{\`e}, Antonio},
  journal={Communications of the ACM},
  volume={55},
  number={11},
  pages={100--109},
  year={2012},
  publisher={ACM}
}

@article{sundaresan2015locating,
  title={Locating throughput bottlenecks in home networks},
  author={Sundaresan, Srikanth and Feamster, Nick and Teixeira, Renata},
  journal={ACM SIGCOMM Computer Communication Review},
  volume={44},
  number={4},
  pages={351--352},
  year={2015},
  publisher={ACM}
}

@inproceedings{sundaresan2015measuring,
  title={Measuring the performance of user traffic in home wireless networks},
  author={Sundaresan, Srikanth and Feamster, Nick and Teixeira, Renata},
  booktitle={International Conference on Passive and Active Network Measurement},
  pages={305--317},
  year={2015},
  organization={Springer}
}

@inproceedings{sundaresan2016home,
  title={Home network or access link? locating last-mile downstream throughput bottlenecks},
  author={Sundaresan, Srikanth and Feamster, Nick and Teixeira, Renata},
  booktitle={International Conference on Passive and Active Network Measurement},
  pages={111--123},
  year={2016},
  organization={Springer}
}

@inproceedings{sundaresan2013web,
  title={Web performance bottlenecks in broadband access networks},
  author={Sundaresan, Srikanth and Magharei, Nazanin and Feamster, Nick and Teixeira, Renata and Crawford, Sam},
  booktitle={ACM SIGMETRICS Performance Evaluation Review},
  volume={41},
  number={1},
  pages={383--384},
  year={2013},
  organization={ACM}
}

@inproceedings{sundaresan2011helping,
  title={Helping users shop for isps with internet nutrition labels},
  author={Sundaresan, Srikanth and Feamster, Nick and Teixeira, Renata and Tang, Anthony and Edwards, W Keith and Grinter, Rebecca E and Chetty, Marshini and De Donato, Walter},
  booktitle={Proceedings of the 2nd ACM SIGCOMM workshop on Home networks},
  pages={13--18},
  year={2011},
  organization={ACM}
}
